<record><leader>00000cas a2200000 a 4500</leader><controlfield tag="001">45506756</controlfield><controlfield tag="007">hd afu---baca</controlfield><controlfield tag="008">001209d18881891msuwr nea     0    0eng c</controlfield><datafield ind1=" " ind2=" " tag="010"><subfield code="a">   00229129 </subfield></datafield><datafield ind1=" " ind2=" " tag="040"><subfield code="a">FUG</subfield><subfield code="b">eng</subfield><subfield code="c">FUG</subfield><subfield code="d">OCLCQ</subfield><subfield code="d">OCLCF</subfield><subfield code="d">OCLCO</subfield></datafield><datafield ind1="1" ind2=" " tag="029"><subfield code="a">AU@</subfield><subfield code="b">000026083735</subfield></datafield><datafield ind1=" " ind2=" " tag="042"><subfield code="a">pcc</subfield></datafield><datafield ind1=" " ind2=" " tag="043"><subfield code="a">n-us-ms</subfield></datafield><datafield ind1="0" ind2=" " tag="130"><subfield code="a">Clarion ledger (Jackson, Miss. : 1888)</subfield></datafield><datafield ind1="1" ind2="0" tag="245"><subfield code="a">Clarion ledger</subfield><subfield code="h">[microform].</subfield></datafield><datafield ind1=" " ind2=" " tag="260"><subfield code="a">Jackson, Miss. :</subfield><subfield code="b">R.H. Henry &amp; Co.,</subfield><subfield code="c">1888-1891.</subfield></datafield><datafield ind1=" " ind2=" " tag="300"><subfield code="a">6 v.</subfield></datafield><datafield ind1=" " ind2=" " tag="310"><subfield code="a">Weekly</subfield></datafield><datafield ind1="0" ind2=" " tag="362"><subfield code="a">Vol. 51, no. 50 (Jan. 19, 1888)-v. 56, no. 4 (Nov. 26, 1891).</subfield></datafield><datafield ind1=" " ind2=" " tag="515"><subfield code="a">Issues for Nov. 5, 19, 1891 misnumbered v. 56, no. 29 &amp; 30, but constitute V. 56, no. 1 &amp; 3; issue for Nov. 12, 1891 misnumbered v. 56, no. 29, but constitute v. 56, no. 2.</subfield></datafield><datafield ind1=" " ind2=" " tag="530"><subfield code="a">Also issued in the original paper edition.</subfield></datafield><datafield ind1=" " ind2=" " tag="580"><subfield code="a">Daily ed.: Daily clarion-ledger (Jackson, Miss. : 1888).</subfield></datafield><datafield ind1=" " ind2=" " tag="580"><subfield code="a">Formed by the union of: Clarion (Jackson, Miss. : 1883), and: State ledger (Jackson, Miss.).</subfield></datafield><datafield ind1=" " ind2=" " tag="580"><subfield code="a">Split into: Clarion (Jackson, Miss. : 1891), and: State ledger (Jackson, Miss. : 1891).</subfield></datafield><datafield ind1=" " ind2=" " tag="533"><subfield code="a">Microfilm.</subfield><subfield code="b">Washington :</subfield><subfield code="c">Library of Congress, Photoduplication Service.</subfield><subfield code="d">1982.</subfield><subfield code="e">microfilm reels ; 35 mm.</subfield></datafield><datafield ind1=" " ind2="0" tag="651"><subfield code="a">Jackson (Miss.)</subfield><subfield code="v">Newspapers.</subfield></datafield><datafield ind1=" " ind2="0" tag="651"><subfield code="a">Hinds County (Miss.)</subfield><subfield code="v">Newspapers.</subfield></datafield><datafield ind1=" " ind2="7" tag="655"><subfield code="a">Newspapers.</subfield><subfield code="2">fast</subfield><subfield code="0">(OCoLC)fst01423814</subfield></datafield><datafield ind1=" " ind2="7" tag="651"><subfield code="a">Mississippi</subfield><subfield code="z">Hinds County.</subfield><subfield code="2">fast</subfield><subfield code="0">(OCoLC)fst01208481</subfield></datafield><datafield ind1=" " ind2="7" tag="651"><subfield code="a">Mississippi</subfield><subfield code="z">Jackson.</subfield><subfield code="2">fast</subfield><subfield code="0">(OCoLC)fst01205500</subfield></datafield><datafield ind1="1" ind2=" " tag="775"><subfield code="t">Daily clarion-ledger (Jackson, Miss. : 1888)</subfield></datafield><datafield ind1="1" ind2=" " tag="776"><subfield code="c">Original</subfield><subfield code="w">(DLC)sn 83016827</subfield><subfield code="w">(OCoLC)10210302</subfield></datafield><datafield ind1="1" ind2="4" tag="780"><subfield code="t">Clarion (Jackson, Miss. : 1883)</subfield></datafield><datafield ind1="1" ind2="4" tag="780"><subfield code="t">State ledger (Jackson, Miss.)</subfield></datafield><datafield ind1="1" ind2="6" tag="785"><subfield code="t">Clarion (Jackson, Miss. : 1891)</subfield></datafield><datafield ind1="1" ind2="6" tag="785"><subfield code="t">State ledger (Jackson, Miss. : 1891)</subfield></datafield><datafield ind1=" " ind2=" " tag="850"><subfield code="a">FU</subfield></datafield></record>